@online{how_sha,
	author = "Lane Wagner",
	title = "How SHA-256 Works Step-By-Step",
	url = "https://qvault.io/cryptography/how-sha-2-works-step-by-step-sha-256/",
	addendum = "(acessado em 19/04/2021)"
}

@online{intel_sha,
	author = "Sean Gulley",
	title = "IntelÂ® SHA Extensions",
	url = "https://software.intel.com/content/www/us/en/develop/articles/intel-sha-extensions.html",
	addendum = "(acessado em 20/04/2021)"
}

@online{bitcoin_wiki,
	author = "Bitcoin Wiki",
	title = "Bitcoin Protocol Documentation",
	url = "https://en.bitcoin.it/wiki/Protocol_documentation#Block_Headers",
	addendum = "(acessado em 22/04/2021)"
}

@online{bitcoin_whitepaper,
	author = "Satoshi Nakamoto",
	title = "Bitcoin: A Peer-to-Peer Electronic Cash System",
	url = "https://bitcoin.org/bitcoin.pdf",
	addendum = "(acessado em 22/04/2021)"
}
